<?xml version="1.0" encoding="UTF-8"?><collection xmlns="http://www.loc.gov/MARC21/slim"><record><leader>00557nam--2200181-i-4500</leader><controlfield tag="001">000010922</controlfield><controlfield tag="002">20161230</controlfield><controlfield tag="005">20161230201029</controlfield><controlfield tag="008">060222s1000------------r-----000-0-eng-d</controlfield><datafield ind1=" " ind2=" " tag="040"><subfield code="a">IFIN-HH</subfield></datafield><datafield ind1=" " ind2=" " tag="080"><subfield code="a">539.1(075.8)</subfield></datafield><datafield ind1="1" ind2=" " tag="100"><subfield code="a">Rodeback, S</subfield></datafield><datafield ind1="1" ind2="0" tag="245"><subfield code="a">Description of a pi _pbubble chamber experiment t 4 gev/c incident momentum</subfield><subfield code="b">Usip report 81-05</subfield><subfield code="c">S. rodeback, i. sjogren, s.o. holmgren, ch. walck</subfield></datafield><datafield ind1=" " ind2=" " tag="260"><subfield code="a">Stochholm</subfield><subfield code="b">Institute Of Physics</subfield><subfield code="c">1981</subfield></datafield><datafield ind1=" " ind2=" " tag="300"><subfield code="a">31P</subfield></datafield><datafield ind1="1" ind2=" " tag="700"><subfield code="a">Walck, Ch</subfield></datafield><datafield ind1=" " ind2=" " tag="852"><subfield code="a">75726</subfield><subfield code="c">539</subfield></datafield><datafield ind1=" " ind2=" " tag="CAT"><subfield code="a">Sys</subfield><subfield code="c">20111013</subfield><subfield code="h">161306</subfield></datafield></record></collection>